
@book{jacobs_great_1995,
	address = {Cambridge},
	title = {Great {Streets}},
	publisher = {MIT Press},
	author = {Jacobs, Allan},
	year = {1995}
}

@article{barthelemy_spatial_2011,
	title = {Spatial networks},
	volume = {499},
	issn = {03701573},
	doi = {10.1016/j.physrep.2010.11.002},
	language = {en},
	number = {1-3},
	journal = {Physics Reports},
	author = {Barthelemy, Marc},
	year = {2011},
	pages = {1--101}
}

@book{jokar_arsanjani_openstreetmap_2015,
	address = {Cham},
	title = {{OpenStreetMap} in {GIScience}},
	isbn = {978-3-319-14279-1},
	publisher = {Springer},
	author = {Jokar Arsanjani, Jamal and Zipf, Alexander and Mooney, Peter and Helbich, Marco},
	year = {2015},
	file = {OpenStreetMap_in_GIScience.pdf:G\:\\Geoff\\Dropbox\\Documents\\School\\PhD\\Readings\\Zotero\\storage\\XVEF57I2\\OpenStreetMap_in_GIScience.pdf:application/pdf}
}

@book{trudeau_introduction_1994,
	address = {New York},
	title = {Introduction to {Graph} {Theory}},
	isbn = {978-0-486-67870-2},
	abstract = {A stimulating excursion into pure mathematics aimed at "the mathematically traumatized," but great fun for mathematical hobbyists and serious mathematicians as well. Requiring only high school algebra as mathematical background, the book leads the reader from simple graphs through planar graphs, Euler's formula, Platonic graphs, coloring, the genus of a graph, Euler walks, Hamilton walks, and a discussion of The Seven Bridges of Konigsberg. Exercises are included at the end of each chapter. "The topics are so well motivated, the exposition so lucid and delightful, that the book's appeal should be virtually universal . . . Every library should have several copies" â€” Choice. 1976 edition.},
	language = {English},
	publisher = {Dover},
	author = {Trudeau, Richard J.},
	year = {1994}
}

@book{newman_networks:_2010,
	address = {Oxford},
	title = {Networks: {An} {Introduction}},
	isbn = {978-0-19-920665-0},
	shorttitle = {Networks},
	language = {English},
	publisher = {Oxford University Press},
	author = {Newman, M. E. J.},
	year = {2010}
}

@article{barthelemy_modeling_2008,
	title = {Modeling {Urban} {Street} {Patterns}},
	volume = {100},
	issn = {0031-9007},
	doi = {10.1103/PhysRevLett.100.138702},
	language = {en},
	number = {13},
	journal = {Physical Review Letters},
	author = {Barthelemy, Marc and Flammini, Alessandro},
	year = {2008},
	file = {barthelemy-modeling-urban-street-patterns.pdf:G\:\\Geoff\\Dropbox\\Documents\\School\\PhD\\Readings\\Zotero\\storage\\FN5PCX4J\\barthelemy-modeling-urban-street-patterns.pdf:application/pdf}
}

@article{crucitti_centrality_2006,
	title = {Centrality measures in spatial networks of urban streets},
	volume = {73},
	issn = {1539-3755},
	doi = {10.1103/PhysRevE.73.036125},
	language = {en},
	number = {3},
	journal = {Physical Review E},
	author = {Crucitti, Paolo and Latora, Vito and Porta, Sergio},
	year = {2006},
	pages = {036125},
	file = {crucitti-centrality-measures-urban-streets.pdf:G\:\\Geoff\\Dropbox\\Documents\\School\\PhD\\Readings\\Zotero\\storage\\8FV2XWM7\\crucitti-centrality-measures-urban-streets.pdf:application/pdf}
}

@inproceedings{dill_measuring_2004,
	address = {Washington, DC},
	title = {Measuring network connectivity for bicycling and walking},
	booktitle = {{Transportation} {Research} {Board} 83rd {Annual} {Meeting}},
	author = {Dill, Jennifer},
	year = {2004},
	file = {dill-network-connectivity-walking.pdf:G\:\\Geoff\\Dropbox\\Documents\\School\\PhD\\Readings\\Zotero\\storage\\A2DXNB8P\\dill-network-connectivity-walking.pdf:application/pdf}
}

@article{gudmundsson_entropy_2013,
	title = {Entropy and order in urban street networks},
	volume = {3},
	issn = {2045-2322},
	doi = {10.1038/srep03324},
	journal = {Scientific Reports},
	author = {Gudmundsson, Agust and Mohajeri, Nahid},
	month = nov,
	year = {2013},
	file = {Gudmundsson-entropy-urban-street-networks.pdf:G\:\\Geoff\\Dropbox\\Documents\\School\\PhD\\Readings\\Zotero\\storage\\I4XP2WDR\\Gudmundsson-entropy-urban-street-networks.pdf:application/pdf}
}

@article{hajrasouliha_impact_2015,
	title = {The impact of street network connectivity on pedestrian volume},
	volume = {52},
	issn = {0042-0980, 1360-063X},
	url = {http://usj.sagepub.com/cgi/doi/10.1177/0042098014544763},
	doi = {10.1177/0042098014544763},
	language = {en},
	number = {13},
	urldate = {2016-11-04},
	journal = {Urban Studies},
	author = {Hajrasouliha, A. and Yin, L.},
	month = oct,
	year = {2015},
	pages = {2483--2497},
	file = {Hajrasouliha-street-network-connectivity-pedestrian.pdf:G\:\\Geoff\\Dropbox\\Documents\\School\\PhD\\Readings\\Zotero\\storage\\KPTR399Z\\Hajrasouliha-street-network-connectivity-pedestrian.pdf:application/pdf}
}

@inproceedings{hu_topological_2008,
	address = {Dalian},
	title = {Topological patterns of spatial urban street networks},
	isbn = {978-1-4244-2108-4},
	booktitle = {4th {International} {Conference} on {Wireless} {Communications}, {Networking} and {Mobile} {Computing}},
	author = {Hu, Yihong and Wu, Qinmin and Zhu, Daoli},
	year = {2008},
	file = {hu-Topological patterns.pdf:G\:\\Geoff\\Dropbox\\Documents\\School\\PhD\\Readings\\Zotero\\storage\\2I5M8GJ7\\hu-Topological patterns.pdf:application/pdf}
}

@article{levinson_network_2012,
	title = {Network {Structure} and {City} {Size}},
	volume = {7},
	issn = {1932-6203},
	doi = {10.1371/journal.pone.0029721},
	language = {en},
	number = {1},
	journal = {PLoS ONE},
	author = {Levinson, David},
	editor = {Moreno, Yamir},
	month = jan,
	year = {2012},
	pages = {e29721},
	file = {levinson-network-structure-city-size.PDF:G\:\\Geoff\\Dropbox\\Documents\\School\\PhD\\Readings\\Zotero\\storage\\AVH6464D\\levinson-network-structure-city-size.PDF:application/pdf}
}

@article{marshall_street_2010,
	title = {Street network types and road safety: {A} study of 24 {California} cities},
	volume = {15},
	issn = {1357-5317},
	shorttitle = {Street network types and road safety},
	doi = {10.1057/udi.2009.31},
	number = {3},
	journal = {Urban Design International},
	author = {Marshall, Wesley and Garrick, Norman},
	year = {2010},
	pages = {133--147},
	file = {marshall-garrick-street-network-road-safety.pdf:G\:\\Geoff\\Dropbox\\Documents\\School\\PhD\\Readings\\Zotero\\storage\\TS8NDR8Z\\marshall-garrick-street-network-road-safety.pdf:application/pdf}
}

@article{knight_metrics_2015,
	title = {The metrics of street network connectivity: their inconsistencies},
	volume = {8},
	issn = {1754-9175},
	shorttitle = {The metrics of street network connectivity},
	doi = {10.1080/17549175.2014.909515},
	language = {en},
	number = {3},
	journal = {Journal of Urbanism},
	author = {Knight, Paul L. and Marshall, Wesley E.},
	month = jul,
	year = {2015},
	pages = {241--259},
	file = {marshall-metrics-connectivity-inconsistent.pdf:G\:\\Geoff\\Dropbox\\Documents\\School\\PhD\\Readings\\Zotero\\storage\\NQSXH3CX\\marshall-metrics-connectivity-inconsistent.pdf:application/pdf}
}

@article{marshall_community_2014,
	title = {Community design, street networks, and public health},
	volume = {1},
	issn = {22141405},
	doi = {10.1016/j.jth.2014.06.002},
	language = {en},
	number = {4},
	journal = {Journal of Transport \& Health},
	author = {Marshall, Wesley and Piatkowski, Daniel and Garrick, Norman},
	month = dec,
	year = {2014},
	pages = {326--340},
	file = {marshall-street-networks-public-health.pdf:G\:\\Geoff\\Dropbox\\Documents\\School\\PhD\\Readings\\Zotero\\storage\\FXAECB2V\\marshall-street-networks-public-health.pdf:application/pdf}
}

@incollection{fischer_spatial_2014,
	address = {Berlin},
	title = {Spatial {Network} {Analysis}},
	isbn = {978-3-642-23429-3},
	language = {en},
	booktitle = {Handbook of {Regional} {Science}},
	publisher = {Springer},
	author = {O'Sullivan, David},
	editor = {Fischer, Manfred M. and Nijkamp, Peter},
	year = {2014},
	pages = {1253--1273},
	file = {osullivan-spatial-networks.pdf:G\:\\Geoff\\Dropbox\\Documents\\School\\PhD\\Readings\\Zotero\\storage\\IAQHRQN2\\osullivan-spatial-networks.pdf:application/pdf}
}

@article{parthasarathi_street_2015,
	title = {Street network structure and household activity spaces},
	volume = {52},
	issn = {0042-0980, 1360-063X},
	url = {http://usj.sagepub.com/cgi/doi/10.1177/0042098014537956},
	doi = {10.1177/0042098014537956},
	language = {en},
	number = {6},
	urldate = {2016-11-04},
	journal = {Urban Studies},
	author = {Parthasarathi, P. and Hochmair, H. and Levinson, D.},
	month = may,
	year = {2015},
	pages = {1090--1112},
	file = {Parthasarathi-structure-activity-spaces.pdf:G\:\\Geoff\\Dropbox\\Documents\\School\\PhD\\Readings\\Zotero\\storage\\XC9AGHJZ\\Parthasarathi-structure-activity-spaces.pdf:application/pdf}
}

@article{porta_alterations_2014,
	title = {Alterations in scale: {Patterns} of change in main street networks across time and space},
	volume = {51},
	issn = {0042-0980},
	shorttitle = {Alterations in scale},
	doi = {10.1177/0042098013519833},
	language = {en},
	number = {16},
	journal = {Urban Studies},
	author = {Porta, Sergio and Romice, O. and Maxwell, J. A. and Russell, P. and Baird, D.},
	month = dec,
	year = {2014},
	pages = {3383--3400},
	file = {porta et al - patterns of change in street networks.pdf:G\:\\Geoff\\Dropbox\\Documents\\School\\PhD\\Readings\\Zotero\\storage\\S26TEJZA\\porta et al - patterns of change in street networks.pdf:application/pdf}
}

@article{strano_elementary_2012,
	title = {Elementary processes governing the evolution of road networks},
	volume = {2},
	issn = {2045-2322},
	doi = {10.1038/srep00296},
	journal = {Scientific Reports},
	author = {Strano, Emanuele and Nicosia, Vincenzo and Latora, Vito and Porta, Sergio and Barthelemy, Marc},
	month = mar,
	year = {2012},
	file = {strano - evolution of road networks.pdf:G\:\\Geoff\\Dropbox\\Documents\\School\\PhD\\Readings\\Zotero\\storage\\EKWSK95I\\strano - evolution of road networks.pdf:application/pdf}
}

@article{strano_urban_2013,
	title = {Urban {Street} {Networks}, a {Comparative} {Analysis} of {Ten} {European} {Cities}},
	volume = {40},
	issn = {1472-3417},
	doi = {10.1068/b38216},
	language = {en},
	number = {6},
	journal = {Environment and Planning B},
	author = {Strano, Emanuele and Viana, Matheus and da Fontoura Costa, Luciano and Cardillo, Alessio and Porta, Sergio and Latora, Vito},
	year = {2013},
	pages = {1071--1086},
	file = {strano-Urban street networks.pdf:G\:\\Geoff\\Dropbox\\Documents\\School\\PhD\\Readings\\Zotero\\storage\\7MQ4RV56\\strano-Urban street networks.pdf:application/pdf}
}

@article{xie_measuring_2007,
	title = {Measuring the structure of road networks},
	volume = {39},
	issn = {1538-4632},
	doi = {10.1111/j.1538-4632.2007.00707.x},
	number = {3},
	journal = {Geographical Analysis},
	author = {Xie, Feng and Levinson, David},
	year = {2007},
	pages = {336--356},
	file = {xie-measuring-structure-road-networks.pdf:G\:\\Geoff\\Dropbox\\Documents\\School\\PhD\\Readings\\Zotero\\storage\\AZ7UQ3W3\\xie-measuring-structure-road-networks.pdf:application/pdf}
}

@article{zhong_detecting_2014,
	title = {Detecting the dynamics of urban structure through spatial network analysis},
	volume = {28},
	issn = {1365-8816},
	doi = {10.1080/13658816.2014.914521},
	language = {en},
	number = {11},
	journal = {International Journal of Geographical Information Science},
	author = {Zhong, Chen and Arisona, Stefan MÃ¼ller and Huang, Xianfeng and Batty, Michael and Schmitt, Gerhard},
	month = nov,
	year = {2014},
	pages = {2178--2199},
	file = {zhong-dynamics-urban-network-analysis.pdf:G\:\\Geoff\\Dropbox\\Documents\\School\\PhD\\Readings\\Zotero\\storage\\SNWDTECW\\zhong-dynamics-urban-network-analysis.pdf:application/pdf}
}

@incollection{fischer_gis_2004,
	address = {Oxford},
	title = {{GIS} and {Network} {Analysis}},
	volume = {5},
	isbn = {978-0-08-044108-5},
	booktitle = {Handbook of {Transport} {Geography} and {Spatial} {Systems}},
	publisher = {Pergamon},
	author = {Fischer, Manfred M. and Henscher, David A. and Button, Kenneth J. and Haynes, Kingsley E. and Stopher, Peter R.},
	year = {2004},
	pages = {391--408},
	file = {41085_22.pdf:G\:\\Geoff\\Dropbox\\Documents\\School\\PhD\\Readings\\Zotero\\storage\\E63YJGXR\\41085_22.pdf:application/pdf}
}

@article{masucci_random_2009,
	title = {Random planar graphs and the {London} street network},
	volume = {71},
	issn = {1434-6028},
	doi = {10.1140/epjb/e2009-00290-4},
	number = {2},
	journal = {European Physical Journal B},
	author = {Masucci, A. Paolo and Smith, D. and Crooks, A. and Batty, Michael},
	year = {2009},
	pages = {259--271},
	file = {2fedec458ee77a96baee5f183bed15479dc2.pdf:G\:\\Geoff\\Dropbox\\Documents\\School\\PhD\\Readings\\Zotero\\storage\\RTLZNIAP\\2fedec458ee77a96baee5f183bed15479dc2.pdf:application/pdf}
}

@article{cardillo_structural_2006,
	title = {Structural properties of planar graphs of urban street patterns},
	volume = {73},
	issn = {1539-3755},
	doi = {10.1103/PhysRevE.73.066107},
	language = {en},
	number = {6},
	journal = {Physical Review E},
	author = {Cardillo, Alessio and Scellato, Salvatore and Latora, Vito and Porta, Sergio},
	year = {2006},
	file = {PhysRevE.73.pdf:G\:\\Geoff\\Dropbox\\Documents\\School\\PhD\\Readings\\Zotero\\storage\\G23IQFTZ\\PhysRevE.73.pdf:application/pdf}
}

@article{buhl_topological_2006,
	title = {Topological patterns in street networks of self-organized urban settlements},
	volume = {49},
	issn = {1434-6028},
	doi = {10.1140/epjb/e2006-00085-1},
	language = {en},
	number = {4},
	journal = {European Physical Journal B},
	author = {Buhl, J. and Gautrais, J. and Reeves, N. and SolÃ©, R. V. and Valverde, S. and Kuntz, P. and Theraulaz, G.},
	year = {2006},
	pages = {513--522},
	file = {TOPOstreetsEPJB.pdf:G\:\\Geoff\\Dropbox\\Documents\\School\\PhD\\Readings\\Zotero\\storage\\D29VTN8Q\\TOPOstreetsEPJB.pdf:application/pdf}
}

@article{wang_resilience_2015,
	title = {Resilience of {Self}-{Organised} and {Top}-{Down} {Planned} {Cities}â€”{A} {Case} {Study} on {London} and {Beijing} {Street} {Networks}},
	volume = {10},
	issn = {1932-6203},
	doi = {10.1371/journal.pone.0141736},
	number = {12},
	journal = {PLoS ONE},
	author = {Wang, Jiaqiu},
	year = {2015},
	pages = {e0141736},
	file = {journal.pone.0141736.PDF:G\:\\Geoff\\Dropbox\\Documents\\School\\PhD\\Readings\\Zotero\\storage\\GUM723XE\\journal.pone.0141736.PDF:application/pdf}
}

@article{haklay_how_2010,
	title = {How {Good} is {Volunteered} {Geographical} {Information}? {A} {Comparative} {Study} of {OpenStreetMap} and {Ordnance} {Survey} {Datasets}},
	volume = {37},
	issn = {1472-3417},
	shorttitle = {How {Good} is {Volunteered} {Geographical} {Information}?},
	doi = {10.1068/b35097},
	language = {en},
	number = {4},
	journal = {Environment and Planning B},
	author = {Haklay, Mordechai},
	year = {2010},
	pages = {682--703},
	file = {haklay10.pdf:G\:\\Geoff\\Dropbox\\Documents\\School\\PhD\\Readings\\Zotero\\storage\\4GWRFBHD\\haklay10.pdf:application/pdf}
}

@article{boeing_osmnx:_2017,
	title = {{OSMnx}: {New} {Methods} for {Acquiring}, {Constructing}, {Analyzing}, and {Visualizing} {Complex} {Street} {Networks}},
	volume = {65},
	doi = {10.1016/j.compenvurbsys.2017.05.004},
	pages = {126-139},
	journal = {Computers, Environment and Urban Systems},
	author = {Boeing, Geoff},
	year = {2017},
	file = {boeing-osmnx-street-networks.pdf:G\:\\Geoff\\Dropbox\\Documents\\School\\PhD\\Readings\\Zotero\\storage\\4ZDHC8WH\\boeing-osmnx-street-networks.pdf:application/pdf}
}

@unpublished{boeing_multi-scale_2018,
	type = {Manuscript submitted for publication},
	title = {A {Multi}-{Scale} {Analysis} of 27,000 {Urban} {Street} {Networks}},
	author = {Boeing, Geoff},
	year = {2018}
}

@article{zhong_revealing_2017,
	title = {Revealing centrality in the spatial structure of cities from human activity patterns},
	volume = {54},
	issn = {0042-0980},
	doi = {10.1177/0042098015601599},
	language = {en},
	number = {2},
	journal = {Urban Studies},
	author = {Zhong, Chen and SchlÃ¤pfer, Markus and Arisona, Stefan MÃ¼ller and Batty, Michael and Ratti, Carlo and Schmitt, Gerhard},
	year = {2017},
	pages = {437--455},
	file = {0042098015601599.pdf:G\:\\Geoff\\Dropbox\\Documents\\School\\PhD\\Readings\\Zotero\\storage\\T9CV75MB\\0042098015601599.pdf:application/pdf}
}

@article{law_defining_2017,
	title = {Defining {Street}-based {Local} {Area} and measuring its effect on house price using a hedonic price approach},
	volume = {60},
	issn = {0264-2751},
	shorttitle = {Defining {Street}-based {Local} {Area} and measuring its effect on house price using a hedonic price approach},
	doi = {10.1016/j.cities.2016.08.008},
	number = {A},
	journal = {Cities},
	author = {Law, Stephen},
	month = feb,
	year = {2017},
	keywords = {Community detection, Multi-level regression model, Hedonic price approach, Neighbourhood planning, Space syntax, Dual graph},
	pages = {166--179},
	file = {1-s2.0-S0264275116304383-main.pdf:G\:\\Geoff\\Dropbox\\Documents\\School\\PhD\\Readings\\Zotero\\storage\\4X9QV59N\\1-s2.0-S0264275116304383-main.pdf:application/pdf}
}

@article{gastner_spatial_2006,
	title = {The spatial structure of networks},
	volume = {49},
	issn = {1434-6028},
	doi = {10.1140/epjb/e2006-00046-8},
	language = {en},
	number = {2},
	journal = {European Physical Journal B},
	author = {Gastner, M. T. and Newman, M. E. J.},
	year = {2006},
	pages = {247--252},
	file = {Full Text PDF:G\:\\Geoff\\Dropbox\\Documents\\School\\PhD\\Readings\\Zotero\\storage\\WGFEU2SK\\Gastner and Newman - 2006 - The spatial structure of networks.pdf:application/pdf;Snapshot:G\:\\Geoff\\Dropbox\\Documents\\School\\PhD\\Readings\\Zotero\\storage\\F5ASIUW8\\10.html:text/html}
}

@incollection{porta_networks_2010,
	address = {London},
	title = {Networks in {Urban} {Design}: {Six} {Years} of {Research} in {Multiple} {Centrality} {Assessment}},
	isbn = {978-1-84996-395-4},
	language = {en},
	booktitle = {Network {Science}: {Complexity} in {Nature} and {Technology}},
	publisher = {Springer},
	author = {Porta, Sergio and Latora, Vito and Strano, Emanuele},
	editor = {Estrada, Ernesto and Fox, Maria and Higham, Desmond J. and Oppo, Gian-Luca},
	year = {2010},
	keywords = {Computer Communication Networks, Algorithm Analysis and Problem Complexity, Analysis, Health Informatics, Communications Engineering, Networks, Complex Networks},
	pages = {107--129},
	file = {Full Text PDF:G\:\\Geoff\\Dropbox\\Documents\\School\\PhD\\Readings\\Zotero\\storage\\D2G6MH2F\\Porta et al. - 2010 - Networks in Urban Design. Six Years of Research in.pdf:application/pdf}
}

@article{southworth_street_1995,
	title = {Street {Standards} and the {Shaping} of {Suburbia}},
	volume = {61},
	issn = {0194-4363},
	doi = {10.1080/01944369508975620},
	number = {1},
	journal = {Journal of the American Planning Association},
	author = {Southworth, Michael and Ben-Joseph, Eran},
	month = mar,
	year = {1995},
	pages = {65--81},
	file = {Snapshot:G\:\\Geoff\\Dropbox\\Documents\\School\\PhD\\Readings\\Zotero\\storage\\KPS443ES\\login.html:text/html}
}

@article{louf_typology_2014,
	title = {A typology of street patterns},
	volume = {11},
	issn = {1742-5689},
	doi = {10.1098/rsif.2014.0924},
	language = {en},
	number = {101},
	journal = {Journal of The Royal Society Interface},
	author = {Louf, RÃ©mi and Barthelemy, Marc},
	month = oct,
	year = {2014},
	pages = {1--7},
	file = {20140924.full.pdf:G\:\\Geoff\\Dropbox\\Documents\\School\\PhD\\Readings\\Zotero\\storage\\PK9IKVI9\\20140924.full.pdf:application/pdf}
}

@article{viana_simplicity_2013,
	title = {The simplicity of planar networks},
	volume = {3},
	issn = {2045-2322},
	doi = {10.1038/srep03495},
	number = {3495},
	journal = {Scientific Reports},
	author = {Viana, Matheus P. and Strano, Emanuele and Bordin, Patricia and Barthelemy, Marc},
	year = {2013},
	pages = {1--6},
	file = {srep03495.pdf:G\:\\Geoff\\Dropbox\\Documents\\School\\PhD\\Readings\\Zotero\\storage\\8QG9948M\\srep03495.pdf:application/pdf}
}

@incollection{batty_network_2005,
	address = {Chichester},
	title = {Network geography},
	shorttitle = {Network geography},
	booktitle = {Re-{Presenting} {GIS}},
	publisher = {Wiley},
	author = {Batty, Michael},
	editor = {Unwin, D. J. and Fisher, P.},
	year = {2005},
	pages = {149--170},
	file = {paper63.pdf:G\:\\Geoff\\Dropbox\\Documents\\School\\PhD\\Readings\\Zotero\\storage\\R5KX5XQT\\paper63.pdf:application/pdf}
}

@incollection{jiang_object-oriented_2010,
	address = {Dordrecht},
	title = {Object-{Oriented} {Data} {Modeling} of an {Indoor}/{Outdoor} {Urban} {Transportation} {Network} and {Route} {Planning} {Analysis}},
	volume = {99},
	isbn = {978-90-481-8571-9},
	booktitle = {Geospatial {Analysis} and {Modelling} of {Urban} {Structure} and {Dynamics}},
	publisher = {Springer},
	author = {Mandloi, Deelesh and Thill, Jean-Claude},
	editor = {Jiang, Bin and Yao, Xiaobai},
	year = {2010},
	pages = {197--220},
	file = {978-90-481-8572-6_11.pdf:G\:\\Geoff\\Dropbox\\Documents\\School\\PhD\\Readings\\Zotero\\storage\\BTGIQG76\\978-90-481-8572-6_11.pdf:application/pdf}
}

@article{gil_street_2016,
	title = {Street network analysis edge effects},
	issn = {0265-8135},
	shorttitle = {Street network analysis "edge effects"},
	doi = {10.1177/0265813516650678},
	language = {en},
	journal = {Environment and Planning B},
	author = {Gil, Jorge},
	year = {2016},
	volume = {0265813516650678},
	file = {gil2016.pdf:G\:\\Geoff\\Dropbox\\Documents\\School\\PhD\\Readings\\Zotero\\storage\\68A2W7V6\\gil2016.pdf:application/pdf}
}

@article{aldous_routed_2016,
	title = {Routed {Planar} {Networks}},
	volume = {4},
	doi = {10.5614/ejgta.2016.4.1.5},
	number = {1},
	journal = {Electronic Journal of Graph Theory and Applications},
	author = {Aldous, David J.},
	year = {2016},
	pages = {42--59},
	file = {127-1118-1-PB.pdf:G\:\\Geoff\\Dropbox\\Documents\\School\\PhD\\Readings\\Zotero\\storage\\HKULT5FC\\127-1118-1-PB.pdf:application/pdf}
}

@inproceedings{fohl_non-planar_1996,
	address = {Delft},
	title = {A non-planar, lane-based navigable data model for {ITS}},
	booktitle = {{7th} {International} {Symposium} on {Spatial} {Data} {Handling}},
	author = {Fohl, Peter and Curtin, Kevin M and Goodchild, Michael F and Church, Richard L},
	month = aug,
	year = {1996},
	pages = {17--29},
	file = {NonPlanarLaneBasedSDH.pdf:G\:\\Geoff\\Dropbox\\Documents\\School\\PhD\\Readings\\Zotero\\storage\\KZYYABH3\\NonPlanarLaneBasedSDH.pdf:application/pdf}
}

@article{masucci_limited_2013,
	title = {Limited {Urban} {Growth}: {London}'s {Street} {Network} {Dynamics} since the 18th {Century}},
	volume = {8},
	issn = {1932-6203},
	shorttitle = {Limited {Urban} {Growth}},
	url = {http://dx.plos.org/10.1371/journal.pone.0069469},
	doi = {10.1371/journal.pone.0069469},
	language = {en},
	number = {8},
	urldate = {2018-01-04},
	journal = {PLoS ONE},
	author = {Masucci, A. Paolo and Stanilov, Kiril and Batty, Michael},
	editor = {Hidalgo, CÃ©sar A.},
	month = aug,
	year = {2013},
	pages = {e69469},
	file = {journal.pone.0069469.PDF:G\:\\Geoff\\Dropbox\\Documents\\School\\PhD\\Readings\\Zotero\\storage\\5IP77JC7\\journal.pone.0069469.PDF:application/pdf}
}

@article{chan_urban_2011,
	title = {Urban road networks: spatial networks with universal geometric features?},
	volume = {84},
	issn = {1434-6028},
	shorttitle = {Urban road networks â€” spatial networks with universal geometric features?},
	doi = {10.1140/epjb/e2011-10889-3},
	language = {en},
	number = {4},
	journal = {European Physical Journal B},
	author = {Chan, S. H. Y. and Donner, R. V. and LÃ¤mmer, S.},
	month = dec,
	year = {2011},
	pages = {563--577},
	file = {10.1140%2Fepjb%2Fe2011-10889-3.pdf:G\:\\Geoff\\Dropbox\\Documents\\School\\PhD\\Readings\\Zotero\\storage\\7C2DUXAK\\10.1140%2Fepjb%2Fe2011-10889-3.pdf:application/pdf}
}

@article{hopcroft_efficient_1974,
	title = {Efficient {Planarity} {Testing}},
	volume = {21},
	issn = {0004-5411},
	doi = {10.1145/321850.321852},
	number = {4},
	journal = {Journal of the ACM},
	author = {Hopcroft, John and Tarjan, Robert},
	month = oct,
	year = {1974},
	pages = {549--568}
}

@article{kuratowski_sur_1930,
	title = {Sur le problÃ¨me des courbes gauches en topologie},
	volume = {15},
	issn = {0016-2736},
	number = {1},
	journal = {Fundamenta Mathematicae},
	author = {Kuratowski, Kazimierz},
	year = {1930},
	pages = {271--283}
}

@techreport{kwan_review_1996,
	address = {Berkeley, CA},
	type = {Working {Paper}},
	title = {A {Review} of {Object}-{Oriented} {Approaches} in {Geographical} {Information} {Systems} for {Transportation} {Modeling}},
	number = {412},
	institution = {University of California Transportation Center},
	author = {Kwan, Mei-Po and Golledge, Reginald G. and Speigle, Jon M.},
	year = {1996},
	file = {kwan.pdf:G\:\\Geoff\\Dropbox\\Documents\\School\\PhD\\Readings\\Zotero\\storage\\SEIH79V4\\kwan.pdf:application/pdf}
}

@article{boyer_subgraph_2012,
	title = {Subgraph {Homeomorphism} via the {Edge} {Addition} {Planarity} {Algorithm}},
	volume = {16},
	issn = {1526-1719},
	doi = {10.7155/jgaa.00268},
	language = {en},
	number = {2},
	journal = {Journal of Graph Algorithms and Applications},
	author = {Boyer, John M.},
	year = {2012},
	pages = {381--410},
	file = {Boyer2012.16.2.pdf:G\:\\Geoff\\Dropbox\\Documents\\School\\PhD\\Readings\\Zotero\\storage\\363HIAEB\\Boyer2012.16.2.pdf:application/pdf}
}

@article{liebers_planarizing_2001,
	title = {Planarizing graphs: a survey and annotated bibliography},
	volume = {5},
	number = {1},
	journal = {Journal of Graph Algorithms and Applications},
	author = {Liebers, Annegret},
	year = {2001},
	pages = {1--74},
	file = {ae66d00ecb3e429e55b645463e63eb3ba987.pdf:G\:\\Geoff\\Dropbox\\Documents\\School\\PhD\\Readings\\Zotero\\storage\\IYXZYYHA\\ae66d00ecb3e429e55b645463e63eb3ba987.pdf:application/pdf}
}

@article{chimani_vertex_2012,
	title = {Vertex insertion approximates the crossing number of apex graphs},
	volume = {33},
	issn = {01956698},
	doi = {10.1016/j.ejc.2011.09.009},
	language = {en},
	number = {3},
	journal = {European Journal of Combinatorics},
	author = {Chimani, Markus and HlinÄ›nÃ½, Petr and Mutzel, Petra},
	month = apr,
	year = {2012},
	pages = {326--335},
	file = {1-s2.0-S0195669811001570-main.pdf:G\:\\Geoff\\Dropbox\\Documents\\School\\PhD\\Readings\\Zotero\\storage\\ZGZW5JBV\\1-s2.0-S0195669811001570-main.pdf:application/pdf}
}

@article{chimani_non-planar_2009,
	title = {Non-planar core reduction of graphs},
	volume = {309},
	issn = {0012365X},
	doi = {10.1016/j.disc.2007.12.078},
	language = {en},
	number = {7},
	journal = {Discrete Mathematics},
	author = {Chimani, Markus and Gutwenger, Carsten},
	month = apr,
	year = {2009},
	pages = {1838--1855},
	file = {1-s2.0-S0012365X07010643-main.pdf:G\:\\Geoff\\Dropbox\\Documents\\School\\PhD\\Readings\\Zotero\\storage\\TCXXFBAZ\\1-s2.0-S0012365X07010643-main.pdf:application/pdf}
}

@article{szekely_successful_2004,
	title = {A successful concept for measuring non-planarity of graphs: the crossing number},
	volume = {276},
	issn = {0012365X},
	shorttitle = {A successful concept for measuring non-planarity of graphs},
	doi = {10.1016/S0012-365X(03)00317-0},
	language = {en},
	number = {1-3},
	journal = {Discrete Mathematics},
	author = {SzÃ©kely, LÃ¡szlÃ³ A.},
	month = feb,
	year = {2004},
	pages = {331--352},
	file = {1-s2.0-S0012365X03003170-main.pdf:G\:\\Geoff\\Dropbox\\Documents\\School\\PhD\\Readings\\Zotero\\storage\\CGT3GLSX\\1-s2.0-S0012365X03003170-main.pdf:application/pdf}
}

@book{barthelemy_morphogenesis_2017,
	address = {New York},
	title = {Morphogenesis of {Spatial} {Networks}},
	isbn = {978-3-319-20564-9},
	publisher = {Springer},
	author = {Barthelemy, Marc},
	year = {2017},
	file = {10.1007%2F978-3-319-20565-6.pdf:G\:\\Geoff\\Dropbox\\Documents\\School\\PhD\\Readings\\Zotero\\storage\\7BP9ZND2\\10.1007%2F978-3-319-20565-6.pdf:application/pdf}
}

@article{barthelemy_paths_2017,
	title = {From paths to blocks: {New} measures for street patterns},
	volume = {44},
	issn = {2399-8083, 2399-8091},
	shorttitle = {From paths to blocks},
	doi = {10.1177/0265813515599982},
	language = {en},
	number = {2},
	journal = {Environment and Planning B},
	author = {Barthelemy, Marc},
	month = mar,
	year = {2017},
	pages = {256--271},
	file = {0265813515599982.pdf:G\:\\Geoff\\Dropbox\\Documents\\School\\PhD\\Readings\\Zotero\\storage\\I5NC5TKY\\0265813515599982.pdf:application/pdf}
}

@inproceedings{eppstein_studying_2008,
	address = {New York},
	title = {Studying ({Non}-planar) {Road} {Networks} {Through} an {Algorithmic} {Lens}},
	isbn = {978-1-60558-323-5},
	doi = {10.1145/1463434.1463455},
	booktitle = {16th {ACM} {SIGSPATIAL} {International} {Conference} on {Advances} in {Geographic} {Information} {Systems}},
	author = {Eppstein, David and Goodrich, Michael T.},
	year = {2008},
	keywords = {algorithmic lens, circle arrangements, disk neighborhood systems, multiscale-dispersed graphs, road networks, shortest paths, Voronoi diagrams},
	file = {eppstein2008.pdf:G\:\\Geoff\\Dropbox\\Documents\\School\\PhD\\Readings\\Zotero\\storage\\NQWAVK64\\eppstein2008.pdf:application/pdf}
}